<?xml version="1.0" encoding="UTF-8" ?>
<marc:record xmlns:marc="http://www.loc.gov/MARC21/slim">
<marc:leader>00664cam a2200205   4500</marc:leader>
<marc:controlfield tag="001">60430</marc:controlfield>

<marc:controlfield tag="008">890224s1873                   000  eng  </marc:controlfield>

<marc:datafield tag="035" ind1=" " ind2=" ">
<marc:subfield code="a">(Sirsi) 60430</marc:subfield>
</marc:datafield>

<marc:datafield tag="100" ind1="1" ind2=" ">
<marc:subfield code="a">Chapman, Henry Cadwalader,</marc:subfield>
<marc:subfield code="d">1845-1929.</marc:subfield>
</marc:datafield>

<marc:datafield tag="245" ind1="1" ind2="0">
<marc:subfield code="a">Evolution of life.</marc:subfield>
</marc:datafield>

<marc:datafield tag="260" ind1=" " ind2=" ">
<marc:subfield code="a">Philadelphia,</marc:subfield>
<marc:subfield code="c">1873.</marc:subfield>
</marc:datafield>

<marc:datafield tag="300" ind1=" " ind2=" ">
<marc:subfield code="a">193p : 32 pls, 1 map ; 8?</marc:subfield>
</marc:datafield>

<marc:datafield tag="561" ind1=" " ind2=" ">
<marc:subfield code="a">Dedication 'Prof. Richard Owen with the compliments of the author'</marc:subfield>
</marc:datafield>

<marc:datafield tag="583" ind1=" " ind2=" ">
<marc:subfield code="a">Kohler Darwin Collection Review</marc:subfield>
<marc:subfield code="c">June 2005</marc:subfield>
</marc:datafield>

<marc:datafield tag="596" ind1=" " ind2=" ">
<marc:subfield code="a">4</marc:subfield>
</marc:datafield>

<marc:controlfield tag="001">Catkey 251872</marc:controlfield>

<marc:controlfield tag="001">ocm1476350</marc:controlfield>

<marc:datafield tag="909" ind1=" " ind2=" ">
<marc:subfield code="a">1476350</marc:subfield>
</marc:datafield>

<marc:datafield tag="590" ind1="1" ind2=" ">
<marc:subfield code="a">Itemid 166875</marc:subfield>
</marc:datafield>

<marc:datafield tag="999" ind1=" " ind2=" ">
<marc:subfield code="a">9D o CHA</marc:subfield>
<marc:subfield code="w">WOODWARD</marc:subfield>
<marc:subfield code="c">1</marc:subfield>
<marc:subfield code="i">166875</marc:subfield>
<marc:subfield code="d">15/7/1999</marc:subfield>
<marc:subfield code="l">SHELVES</marc:subfield>
<marc:subfield code="m">GENERAL</marc:subfield>
<marc:subfield code="r">Y</marc:subfield>
<marc:subfield code="s">Y</marc:subfield>
<marc:subfield code="t">BOOK</marc:subfield>
<marc:subfield code="u">27/3/1998</marc:subfield>
<marc:subfield code="x">MAIN</marc:subfield>
</marc:datafield>

</marc:record>